@book{latex,
  title     = {LaTeX : A Documentation Preparation System User's Guide and Reference Manual},
  publisher = {Addison-Wesley Professional},
  year      = {1994},
  author    = {Leslie Lamport}
}

@article{CAMS,
  author          = {Cams},
  journal         = {},
  number          = {},
  title           = {CAMS},
  volume          = {},
  year            = {1000}
}

@article{TNO_LowRes,
  author          = {Tno},
  journal         = {},
  number          = {},
  title           = {TNO Low Res},
  volume          = {},
  year            = {1000}
}

@article{TNO_HighRes15,
  author          = {Tno},
  journal         = {},
  number          = {},
  title           = {TNO 2015},
  volume          = {},
  year            = {1000}
}

@article{TNO_HighRes18,
  author          = {Tno},
  journal         = {},
  number          = {},
  title           = {TNO 2018},
  volume          = {},
  year            = {1000}
}

@article{GNFR_Sectors,
  author          = {Gnfr},
  journal         = {},
  number          = {},
  title           = {GNFR Sectors},
  volume          = {},
  year            = {1000}
}

@article{OpenDataSoft,
  author          = {OpenDataSoft},
  journal         = {},
  number          = {},
  title           = {OpenDataSoft City Data},
  volume          = {},
  year            = {1000}
}
